
@article{Martcheva,
author = {Martcheva, M.},
year = {2015},
month = {01},
pages = {},
title = {An Introduction to Mathematical Epidemiology},
volume = {61},
isbn = {978-1-4899-7611-6},
doi = {10.1007/978-1-4899-7612-3}
}
@book{ModSimAuto,
author = {Egeland, Olav and Gravdahl, Jan},
year = {2002},
month = {01},
pages = {},
title = {Modeling and Simulation for Automatic Control}
}

@article{Covid_,
author = {Gollwitzer, Anton and Martel, Cameron and Brady, William and PÃ¤rnamets, Philip and Freedman, Isaac and Knowles, Eric and Van Bavel, Jay},
year = {2020},
month = {11},
pages = {1-12},
title = {Partisan differences in physical distancing are linked to health outcomes during the COVID-19 pandemic},
volume = {4},
journal = {Nature Human Behaviour},
doi = {10.1038/s41562-020-00977-7}
}
@online{FHI_report,
url= {https://www.fhi.no/contentassets/e6b5660fc35740c8bb2a32bfe0cc45d1/vedlegg/nasjonale-og-regionale-rapporter/2021.02.03.national-and-regional-corona-report-engelsk.pdf},
title= {Situational awareness and forecasting for Norway
},
author={Birgitte Freiesleben de Blasio, Francesco Di Ruscio},
year={2021}
}
@article{France_high_R0,
    author = {Billah, Md. Arif AND Miah, Md. Mamun AND Khan, Md. Nuruzzaman},
    journal = {PLOS ONE},
    publisher = {Public Library of Science},
    title = {Reproductive number of coronavirus: A systematic review and meta-analysis based on global level evidence},
    year = {2020},
    month = {11},
    volume = {15},
    url = {https://doi.org/10.1371/journal.pone.0242128},
    pages = {1-17},
    number = {11},
    doi = {10.1371/journal.pone.0242128}
}